@INPROCEEDINGS{Domingos04multi,
    author = {Pedro Domingos and Parag Singla},
    title = {Multi-relational record linkage},
    booktitle = {In Proceedings of the KDD-2004 Workshop on Multi-Relational Data Mining},
    year = {2004},
    pages = {31--48}
}

@article{DBLP:journals/fcsc/LiDMS12,
  author    = {Pei Li and
               Xin Luna Dong and
               Andrea Maurino and
               Divesh Srivastava},
  title     = {Linking temporal records},
  journal   = {Frontiers of Computer Science},
  volume    = {6},
  number    = {3},
  year      = {2012},
  pages     = {293-312},
  ee        = {http://dx.doi.org/10.1007/s11704-012-2002-5},
  bibsource = {DBLP, http://dblp.uni-trier.de}
}

@inproceedings{ley2002dblp,
  title={The DBLP computer science bibliography: Evolution, research issues, perspectives},
  author={Ley, M.},
  booktitle={String Processing and Information Retrieval},
  pages={481--486},
  year={2002},
  organization={Springer}
}
@inproceedings{mccallum2009factorie,
  title={Factorie: Probabilistic programming via imperatively defined factor graphs},
  author={McCallum, A. and Schultz, K. and Singh, S.},
  booktitle={Neural Information Processing Systems (NIPS)},
  year={2009}
}

@INPROCEEDINGS{Bagga98algorithms,
    author = {Amit Bagga and Breck Baldwin},
    title = {Algorithms for Scoring Coreference Chains},
    booktitle = {In The First International Conference on Language Resources and Evaluation Workshop on Linguistics Coreference},
    year = {1998},
    pages = {563--566}
}

@inproceedings{Vilain95,
 author = {Vilain, Marc and Burger, John and Aberdeen, John and Connolly, Dennis and Hirschman, Lynette},
 title = {A model-theoretic coreference scoring scheme},
 booktitle = {Proceedings of the 6th conference on Message understanding},
 series = {MUC6 '95},
 year = {1995},
 isbn = {1-55860-402-2},
 location = {Columbia, Maryland},
 pages = {45--52},
 numpages = {8},
 url = {http://dx.doi.org/10.3115/1072399.1072405},
 doi = {10.3115/1072399.1072405},
 acmid = {1072405},
 publisher = {Association for Computational Linguistics},
 address = {Stroudsburg, PA, USA},
} 