@INPROCEEDINGS{Domingos04multi,
    author = {Pedro Domingos and Parag Singla},
    title = {Multi-relational record linkage},
    booktitle = {In Proceedings of the KDD-2004 Workshop on Multi-Relational Data Mining},
    year = {2004},
    pages = {31--48}
}

@article{DBLP:journals/fcsc/LiDMS12,
  author    = {Pei Li and
               Xin Luna Dong and
               Andrea Maurino and
               Divesh Srivastava},
  title     = {Linking temporal records},
  journal   = {Frontiers of Computer Science},
  volume    = {6},
  number    = {3},
  year      = {2012},
  pages     = {293-312},
  ee        = {http://dx.doi.org/10.1007/s11704-012-2002-5},
  bibsource = {DBLP, http://dblp.uni-trier.de}
}
@article{kopcke2010frameworks,
  title={Frameworks for entity matching: A comparison},
  author={K{\"o}pcke, H. and Rahm, E.},
  journal={Data \& Knowledge Engineering},
  volume={69},
  number={2},
  pages={197--210},
  year={2010},
  publisher={Elsevier}
}
@article{ravikumar2012hierarchical,
  title={A hierarchical graphical model for record linkage},
  author={Ravikumar, P. and Cohen, W.},
  journal={arXiv preprint arXiv:1207.4180},
  year={2012}
}
@inproceedings{cohen2003comparison,
  title={A comparison of string distance metrics for name-matching tasks},
  author={Cohen, W.W. and Ravikumar, P. and Fienberg, S.E. and others},
  booktitle={Proceedings of the IJCAI-2003 Workshop on Information Integration on the Web (IIWeb-03)},
  pages={73--78},
  year={2003}
}
@article{benjelloun2009swoosh,
  title={Swoosh: a generic approach to entity resolution},
  author={Benjelloun, O. and Garcia-Molina, H. and Menestrina, D. and Su, Q. and Whang, S.E. and Widom, J.},
  journal={The VLDB Journal},
  volume={18},
  number={1},
  pages={255--276},
  year={2009},
  publisher={Springer}
}