@INPROCEEDINGS{Domingos04multi,
    author = {Pedro Domingos and Parag Singla},
    title = {Multi-relational record linkage},
    booktitle = {In Proceedings of the KDD-2004 Workshop on Multi-Relational Data Mining},
    year = {2004},
    pages = {31--48}
}

@article{DBLP:journals/fcsc/LiDMS12,
  author    = {Pei Li and
               Xin Luna Dong and
               Andrea Maurino and
               Divesh Srivastava},
  title     = {Linking temporal records},
  journal   = {Frontiers of Computer Science},
  volume    = {6},
  number    = {3},
  year      = {2012},
  pages     = {293-312},
  ee        = {http://dx.doi.org/10.1007/s11704-012-2002-5},
  bibsource = {DBLP, http://dblp.uni-trier.de}
}
@article{kopcke2010frameworks,
  title={Frameworks for entity matching: A comparison},
  author={K{\"o}pcke, H. and Rahm, E.},
  journal={Data \& Knowledge Engineering},
  volume={69},
  number={2},
  pages={197--210},
  year={2010},
  publisher={Elsevier}
}
@article{ravikumar2012hierarchical,
  title={A hierarchical graphical model for record linkage},
  author={Ravikumar, P. and Cohen, W.},
  journal={arXiv preprint arXiv:1207.4180},
  year={2012}
}
@inproceedings{cohen2003comparison,
  title={A comparison of string distance metrics for name-matching tasks},
  author={Cohen, W.W. and Ravikumar, P. and Fienberg, S.E. and others},
  booktitle={Proceedings of the IJCAI-2003 Workshop on Information Integration on the Web (IIWeb-03)},
  pages={73--78},
  year={2003}
}
@article{benjelloun2009swoosh,
  title={Swoosh: a generic approach to entity resolution},
  author={Benjelloun, O. and Garcia-Molina, H. and Menestrina, D. and Su, Q. and Whang, S.E. and Widom, J.},
  journal={The VLDB Journal},
  volume={18},
  number={1},
  pages={255--276},
  year={2009},
  publisher={Springer}
}

@article{Elmagarmid2007,
 author = {Elmagarmid, Ahmed K. and Ipeirotis, Panagiotis G. and Verykios, Vassilios S.},
 title = {Duplicate Record Detection: A Survey},
 journal = {IEEE Trans. on Knowl. and Data Eng.},
 issue_date = {January 2007},
 volume = {19},
 number = {1},
 month = jan,
 year = {2007},
 issn = {1041-4347},
 pages = {1--16},
 numpages = {16},
 publisher = {IEEE Educational Activities Department},
 address = {Piscataway, NJ, USA},
}

@INPROCEEDINGS{Jin2003,
author={Liang Jin and Chen Li and Mehrotra, S.},
booktitle={Database Systems for Advanced Applications, 2003. (DASFAA 2003). Proceedings. Eighth International Conference on}, title={Efficient record linkage in large data sets},
year={2003},
month={march},
pages={137 -146},
}

@TECHREPORT{Culotta05aconditional,
    author = {Aron Culotta and Andrew {McCallum}},
    title = {A conditional model of deduplication for multi-type relational data},
    year = {2005}
}

@article{Bhattacharya2007,
 author = {Bhattacharya, Indrajit and Getoor, Lise},
 title = {Collective entity resolution in relational data},
 journal = {ACM Trans. Knowl. Discov. Data},
 issue_date = {March 2007},
 volume = {1},
 number = {1},
 month = mar,
 year = {2007},
 issn = {1556-4681},
 doi = {10.1145/1217299.1217304},
 publisher = {ACM},
 address = {New York, NY, USA},
}

@INPROCEEDINGS{Vilain95,
  author = {Vilain, Marc and Burger, John and Aberdeen, John and Connolly, Dennis
        and Hirschman, Lynette},
  title = {A model-theoretic coreference scoring scheme},
  booktitle = {{MUC}6 '95: Proceedings of the 6th conference on Message understanding},
  year = {1995},
  pages = {45--52},
  address = {Morristown, NJ, USA},
  publisher = {Association for Computational Linguistics},
  location = {Columbia, Maryland}
}

@INPROCEEDINGS{Bagga98b,
  author = {Bagga, Amit and Baldwin, Breck},
  title = {Algorithms for scoring coreference chains},
  booktitle = {The First International Conference on Language Resources and Evaluation
        Workshop on Linguistics Coreference},
  year = {1998},
}
@article{ley2009dblp,
  title={DBLP-some lessons learned},
  author={Ley, M. and others},
  journal={Proceedings of the VLDB Endowment},
  volume={2},
  number={2},
  pages={1493--1500},
  year={2009},
  publisher={VLDB Endowment}
}

@inproceedings{McCallum00,
   author              = {Andrew {McCallum} and 
                          Kamal Nigam and 
                          Lyle H. Ungar},
   title               = {Efficient clustering of high-dimensional data sets with application to reference matching},
   booktitle           = {KDD},
   year                = {2000},
   pages               = {169-178},
}

@article{wick2009samplerank,
  title={Samplerank: Learning preferences from atomic gradients},
  author={Wick, M. and Rohanimanesh, K. and Culotta, A. and McCallum, A.},
  journal={Advances in Ranking},
  pages={69},
  year={2009}
}

